<?xml version="1.0" encoding="UTF-8"?><collection><record><leader>07531ntm a2200589 a 4500</leader><controlfield tag="001">006795880</controlfield><controlfield tag="003">MiAaHDL</controlfield><controlfield tag="005">20190719000000.0</controlfield><controlfield tag="006">m        d        </controlfield><controlfield tag="007">cr bn ---auaua</controlfield><controlfield tag="008">090521q14801536xx            00| ||ara d</controlfield><datafield tag="035" ind1=" " ind2=" "><subfield code="a">(MiU)006795880</subfield></datafield><datafield tag="035" ind1=" " ind2=" "><subfield code="a">sdr-miu006795880</subfield></datafield><datafield tag="040" ind1=" " ind2=" "><subfield code="a">MiU</subfield><subfield code="c">MiU</subfield><subfield code="e">amremm</subfield></datafield><datafield tag="043" ind1=" " ind2=" "><subfield code="a">n-us-mi</subfield></datafield><datafield tag="100" ind1="0" ind2=" "><subfield code="6">880-01</subfield><subfield code="a">Suyūṭī,</subfield><subfield code="d">1445-1505.</subfield></datafield><datafield tag="240" ind1="1" ind2="0"><subfield code="6">880-02</subfield><subfield code="a">Ashbāh wa-al-naẓāʼir fī al-lughah</subfield></datafield><datafield tag="245" ind1="1" ind2="0"><subfield code="6">880-03</subfield><subfield code="a">Kitāb al-Ashbāh wa-al-naẓāʼir al-naḥwīyah,</subfield><subfield code="f">[before 943, i.e. 1536].</subfield></datafield><datafield tag="246" ind1="3" ind2=" "><subfield code="i">Title from inscription on front flyleaf (p.1):</subfield><subfield code="a">كتاب الاشباه والنظائر من النحو</subfield></datafield><datafield tag="246" ind1="3" ind2=" "><subfield code="i">Edge title (tail):</subfield><subfield code="a">كتاب الاشباه والنظائر من النحو للسيوطي رحمه الله</subfield></datafield><datafield tag="260" ind1=" " ind2=" "><subfield code="c">[1480?-1536].</subfield></datafield><datafield tag="300" ind1=" " ind2=" "><subfield code="a">290 leaves :</subfield><subfield code="b">paper ;</subfield><subfield code="c">233 x 155 (163 x 75) mm.</subfield></datafield><datafield tag="500" ind1=" " ind2=" "><subfield code="a">Shelfmark: Ann Arbor, University of Michigan, Special Collections Library, Isl. Ms. 224</subfield></datafield><datafield tag="500" ind1=" " ind2=" "><subfield code="a">Origin: Lacks dated colophon ; dated statement on front flyleaf suggest a terminus ante quem of 1537 ; paper and hand certainly suggest late 15th or early 16th century.</subfield></datafield><datafield tag="500" ind1=" " ind2=" "><subfield code="a">Former shelfmark: "323 T. De M. [i.e. Tammaro De Marinis]" inscribed in pencil on verso of front flyleaf (p.2) ; "224" inscribed in pencil on recto of front flyleaf (p.1) and 'title page' (p.15).</subfield></datafield><datafield tag="500" ind1=" " ind2=" "><subfield code="a">Binding: Pasteboards covered in brown leather ; Type II binding (with flap) ; doublures in dark red leather ; upper and lower covers carry blind-stamped mandorla (filled with symmetrical vegetal decoration, compare Déroche class. NSd 7) and pendants with gold-painted accents and gold-tooled border ; sewn in yellow thread, two stations ; worked chevron endbands in yellow and pink, damaged with losses to head and tail ; overall in fairly good condition with some abrasion, staining, lifting of leather, fore edge flap too narrow, etc.</subfield></datafield><datafield tag="500" ind1=" " ind2=" "><subfield code="a">Support: non-European laid paper with 8 laid lines per cm. (vertical or horizontal, varies) and faint chain lines occasionally visible, often grouped in twos or threes (see p.22, 24, etc.) ; transluscent, thin and crisp, heavily sized and burnished, medium cream in color ; flyleaves in European laid paper.</subfield></datafield><datafield tag="500" ind1=" " ind2=" "><subfield code="a">Decoration: Exquisite, superbly executed illuminated headpiece (ʻunwān / sarlawḥ) at opening on p.16, consisting of rectangular piece with gold cartouche carrying the basmalah in white riqāʻ surmounted by scalloped semi-circular piece (dome) itself surmounted by vertical stalks (tīgh) ; both pieces decorated with swirling vegetal designs with floral accents in gold, white, pink, green, and orange on fields of gold and lapis lazuli ; written area of incipit and facing page surrounded by frame consisting of gold band flanked by black fillets ; keywords, section headings and abbreviation symbols (mainly two teeth stroke above keywords) rubricated ; textual dividers in the form of inverted commas in red.</subfield></datafield><datafield tag="500" ind1=" " ind2=" "><subfield code="a">Script: Naskh ; clear, compact hand ; serifless with slight effect of inclination to the left, pointing mainly in distinct dots, curvilinear descenders, partially vocalized ; opening table of contents in a fine, seriffed riqāʻ then nastaʻlīq (talik).</subfield></datafield><datafield tag="500" ind1=" " ind2=" "><subfield code="a">Layout: Written in 31 lines per page ; frame-ruled.</subfield></datafield><datafield tag="500" ind1=" " ind2=" "><subfield code="a">Collation: i, III (6), IV+1 (15), V (25), 1+IV (34), 8 V(114), III (120), 3 V(150), IV+1 (159), V (169), IV+1 (178), 5 V(228), II (232), 5 V(282), IV (290), i ; chiefly quinions ; leaves between sections left blank or partially blank ; several lacunae marked "بياض بالاصل" (see p.149, 482, 485, etc.) ; catchwords present ; foliation in black ink, Hindu-Arabic numerals ; pagination in pencil, Western numerals, supplied during digitization (includes flyleaves).</subfield></datafield><datafield tag="500" ind1=" " ind2=" "><subfield code="a">Explicit: "هذا بسرا والثانية اطيب منه عنبا لا تضحت المسئلة وانكشفت معناها والله اعلم مسئلة سئلت عن اعراب تركيب وقع في بعض كتب الحنفية ... لانه عمل قبل وجود الشرظ وذلك باطل اجماع والله سبحانه وتعالى اعلم بالصواب"</subfield></datafield><datafield tag="500" ind1=" " ind2=" "><subfield code="a">Incipit: "سبحان الله المنزه عن الاشباه والنظائر والحمد لله المتفضل بغفران الكبائر والصغائر ... اما بعد فان فنون العربية على اختلاف انواعها هى اول فنوني ومبتدا الاخبار التي كان في احاديثها سمري وشجوني ... ومام سودت من ذلك كتاب ظريف ... ضمنته القواعد النحوية ذوات الاشباه والنظائر ... والفت كتاب الاشباه والنظائر مرتبا على اسلوب اخر يعرف من مراجعته وهذا الكتاب الذي شرعنا في تجديده في العربية يشبه كتاب القاضي تاج الدين الذي في الفقه ..."</subfield></datafield><datafield tag="500" ind1=" " ind2=" "><subfield code="a">Title from colophon for first half (p.284).</subfield></datafield><datafield tag="500" ind1=" " ind2=" "><subfield code="a">Ms. codex.</subfield></datafield><datafield tag="510" ind1="4" ind2=" "><subfield code="a">Brockelmann, C. GAL,</subfield><subfield code="c">II 156</subfield></datafield><datafield tag="520" ind1="8" ind2=" "><subfield code="a">Fine copy of one of al-Suyūṭī's works on the Arabic language, following the method of the religious sciences (fiqh), with both parts (halves) of the text here appearing in a single volume. Preceded by detailed table of contents (pp.4-13) and followed by several other short texts (see pp.12-13 for listing).</subfield></datafield><datafield tag="538" ind1=" " ind2=" "><subfield code="a">Mode of access: Internet.</subfield></datafield><datafield tag="541" ind1=" " ind2=" "><subfield code="c">Purchase ;</subfield><subfield code="a">Acquired by purchase (funds donated by Horace Rackham).</subfield><subfield code="d">1924.</subfield></datafield><datafield tag="546" ind1=" " ind2=" "><subfield code="a">Arabic.</subfield></datafield><datafield tag="561" ind1=" " ind2=" "><subfield code="a">Inscriptions in pencil on verso of front flyleaf (p.2) "323 T. De M. [i.e. Tammaro De Marinis]" and recto of front flyleaf (p.1) and 'title page' (p.15) "224" ; ownership statements on front flyleaf (p.1) include statements for one Zayn al-ʻĀbidīn ( زين العابدين ) , for one ʻUthmān ibn ʻAbd al-Ḥalīm ( عثمان بن عبد الحليم / Osman bin Abdülhalim), and for one Eminzade Mustafa Han (امين زاده مصطفى خان / Amīnʻzādah Muṣṭafá Khān) ; another statement on front flyleaf (p.1) appears to be dated 943 [1536 or 7] and still another (effaced) dated 10-0 [?] ; more detailed statement dated 25 Jumādá II [?] 1119 [ca. 23 September ? 1707] in name of the same Eminzade Mustafa appears accompanied by oval seal impression on the opening leaf of the table of contents (p.3) ; on 'title page' (p.15), ownership statement in name of Muḥammad Maʻṣūm, known as Laʻlīʻzādah (محمد معصوم الشهير بلعلى زاده / Lalizade Mehmet Masum) ; marginal corrections ; occasional notablia (side-heads), most rubricated.</subfield></datafield><datafield tag="650" ind1=" " ind2="0"><subfield code="a">Manuscripts, Arabic</subfield><subfield code="z">Michigan</subfield><subfield code="z">Ann Arbor.</subfield></datafield><datafield tag="650" ind1=" " ind2="0"><subfield code="a">Arabic language</subfield><subfield code="x">Grammar</subfield><subfield code="v">Early works to 1800.</subfield></datafield><datafield tag="650" ind1=" " ind2="0"><subfield code="a">Arabic language</subfield><subfield code="x">Syntax</subfield><subfield code="v">Early works to 1800.</subfield></datafield><datafield tag="655" ind1=" " ind2="7"><subfield code="a">Headpieces (layout features)</subfield><subfield code="y">16th century.</subfield><subfield code="2">aat</subfield></datafield><datafield tag="700" ind1="0" ind2=" "><subfield code="a">Abdülhamid</subfield><subfield code="b">II,</subfield><subfield code="c">Sultan of the Turks,</subfield><subfield code="d">1842-1918,</subfield><subfield code="e">former owner.</subfield></datafield><datafield tag="700" ind1="0" ind2=" "><subfield code="6">880-05</subfield><subfield code="a">Eminzade Mustafa,</subfield><subfield code="d">fl. 1707,</subfield><subfield code="e">former owner.</subfield></datafield><datafield tag="773" ind1="0" ind2=" "><subfield code="a">Abdul Hamid Collection.</subfield></datafield><datafield tag="880" ind1="0" ind2=" "><subfield code="6">700-05/</subfield><subfield code="a">امين زاده مصطفى،</subfield><subfield code="e">مالك سابق.</subfield></datafield><datafield tag="880" ind1="1" ind2="0"><subfield code="6">245-03/</subfield><subfield code="a">كتاب الاشباه والنظائر النحوية,</subfield><subfield code="f">[قبل 943ه، 1536م].</subfield></datafield><datafield tag="880" ind1="1" ind2="0"><subfield code="6">240-02/</subfield><subfield code="a">اشباه والنظائر في اللغة</subfield></datafield><datafield tag="880" ind1="0" ind2=" "><subfield code="6">100-01/</subfield><subfield code="a">سيوطي.</subfield></datafield><datafield tag="CID" ind1=" " ind2=" "><subfield code="a">006795880</subfield></datafield><datafield tag="DAT" ind1="0" ind2=" "><subfield code="a">20190719102636.0</subfield><subfield code="b">20190719000000.0</subfield></datafield><datafield tag="DAT" ind1="1" ind2=" "><subfield code="a">20190719090653.0</subfield><subfield code="b">2019-07-19T16:10:28Z</subfield></datafield><datafield tag="DAT" ind1="2" ind2=" "><subfield code="a">2015-10-02T18:00:03Z</subfield></datafield><datafield tag="CAT" ind1=" " ind2=" "><subfield code="a">SDR-MIU</subfield><subfield code="d">EX LIBRIS - ALEPH</subfield><subfield code="l">prepare.pl-004-008</subfield></datafield><datafield tag="FMT" ind1=" " ind2=" "><subfield code="a">BK</subfield></datafield><datafield tag="HOL" ind1=" " ind2=" "><subfield code="0">sdr-miu006795880</subfield><subfield code="a">MiU</subfield><subfield code="b">SDR</subfield><subfield code="c">MIU</subfield><subfield code="p">mdp.39015079126176</subfield><subfield code="s">MIU</subfield><subfield code="1">006795880</subfield></datafield><datafield tag="974" ind1=" " ind2=" "><subfield code="b">MIU</subfield><subfield code="c">MIU</subfield><subfield code="d">20190719</subfield><subfield code="s">lit-dlps-dc</subfield><subfield code="u">mdp.39015079126176</subfield><subfield code="y">1536</subfield><subfield code="r">pd</subfield><subfield code="q">bib</subfield><subfield code="t">non-US bib date2 &lt; 1896</subfield></datafield></record></collection>